Record 1
LDR  00445nam  2200145pa 45  
001      GLAD2064-B
005  19860618100450.0
008  860618 1986    cau                 eng  
010       $a micA24-123456
245  00   $a LSO test record #3 : $b STO and Star ess, $c FBH.
260  0    $a Berkeley, Ca.: $b LSO, $c 1986.
300       $c 27 cm.
500       $a GLAD SVM: STO NOTE (#096), 1 RLF# (955$s), NO SUM NOTE.
950       $l MAIN $b FB3.H3 $n #096\Y47474\
955       $l MAIN $s NRLF: $E12345

Record 2
