LDR  00431nam  2200133ba 45  
001      GLAD2069-B
005  19860618100450.0
008  860618 1986    cau                 eng  
245  00   $a LSO test record #8 : $b BANC-STO and Star ess / $c FBH.
260  0    $a Berkeley, Ca.: $b LSO, $c 1986.
300       $c 27 cm.
500       $a GLAD SVM BANCROFT: STO NOTE (#096), 1 RFL# (955$s), NO SUM NOTE.
950       $l BANC $b FB8.H8 $n #096\Y858855\
955       $l BANC $s NRLF: $J12345

Record 3
