LDR  00638nam  2200205pa 45  
001      GLAD2063-B
005  19860618100450.0
008  860618         cau                 eng  
010       $a 24-123456
245  00   $a LSO test record #2 : $b Star ess only, / $c F.B.H.
260  0    $a Berkeley, Ca. : $b Lib. Sys. Off., $c 1986.
300       $c 27 cm.
500       $a GLAD SVM: 1ST LOC HAS: NO STO NOTE, NO SUM NOTE, 1 RLF#(955$s).
500       $a GLAD: 2ND AND 3RD LOCS ARE NEITHER SVM NOR MVM.
950       $l MAIN $b FB2.H2
955       $l MAIN $s NRLF: $D123456
950       $l AASL $a JKi44 $b .B99
955       $l AASL $q 1444666
950       $l JOUR $a TL101.C16
955       $l JOUR $q 908070

Record 4
