LDR  00408nam  2200133pa 45  
001      GLAD2062-B
005  19860618100450.0
008  860618 1986    cau                 eng  
010       $a 4-123
245  00   $a LSO test record #1 : $b STO note only / $c F.B.H.
260  0    $a Berkeley,Ca.: $b Library Systems Office, $c 1986.
500  0    $a GLAD SVM: STO NOTE #096, NO SUM NOTE, NO RLF #.
950       $l MAIN $b FB1.H1 $n #096\Y9876\
955       $l MAIN

Record 7
