LDR  00401nam  2200133ba 45  
001      GLAD2067-B
005  19860618100450.0
008  860618 1986    cau                 eng  
245  00   $a LSO test record #6 : $b BANC-STO only / $c FBH.
260  0    $a Berkeley, Ca.: $b LSO, $c 1986.
300       $c 27 cm.
500       $a GLAD SVM BANCROFT: STO NOTE #096, NO SUM NOTE, NO RLF#.
950       $l BANC $b FB6.H6 $n #096\Y98243432\
955       $l BANC

Record 8
