LDR  00445nam  2200145pa 45  
001      GLAD2065-B
005  19860618100450.0
008  860618 1986    cau                 eng  
010       $a 24-123456 
245  00   $a LSO test record #4 : $b STO-SUM-Star ess, $c FBH.
260  0    $a Berkeley, Ca.: $b LSO, $c 1986.
300       $c 27 cm.
500       $a GLAD MVM: STO NOTE #096, SUM NOTE #8, 1 RLF#.
950       $l MAIN $b FB4.H4 $n #8 $v v.1-5 $n #096\Y2349807\
955       $l MAIN $s NRLF: $F12345

Record 9
