LDR  00443nam  2200133ba 45  
001      GLAD2070-B
005  19860618100450.0
008  860618 1986    cau                 eng  
245  00   $a LSO test record #9 : $b BANC-SUM-STO-Star ess / $c FBH.
260  0    $a Berkeley, Ca.: $b LSO, $c 1986.
300       $c 27 cm.
500       $a GLAD MVM BANCROFT: STO NOTE #096, SUM NOTE #8, 1 RLF#.
950       $l BANC $b FB9.H9 $n #8 $v v.12 $n #096\YT3968119\
955       $l BANC $s NRLF: $K12345 $c :(v.12 )

Record 10
