LDR  00451nas  2200145pa 45  
001      GLAD2063-B
005  19860618100450.0
008  860618         cau                 eng  
010       $a 24-123456
245  00   $a Modified LSO test record #11 : $c F.B.H.
260  0    $a Berkeley, Ca. : $b Lib. Sys. Off., $c 1986.
300       $c 27 cm.
500       $a GLAD MVM SERIAL: STO NOTE #507, SUM IN 950$v; 1 RLF#.
950       $l MAIN $b FB2.H2 $n #507\12345\ $v v.1-8
955       $l MAIN $s NRLF: $Z394959

Record 11
