LDR  00464nam  2200133ba 45  
001      GLAD2071-B
005  19860618100450.0
008  860618 1986    cau                 eng  
245  00   $a Modified LSO test record #10 : $b BANC-SUM($v)-STO- / $c FBH.
260  0    $a Berkeley, Ca.: $b LSO, $c 1986.
300       $c 27 cm.
500       $a GLAD MVM BANCROFT: STO NOTE (#096), SUM NOTE (950$v), RLF# (955$s).
950       $l BANC $b FB10.H10 $v v.55-57 $n #096\Y2322296\
955       $l BANC $s NRLF: $Z1112228 $c :(v.55 )

Record 13
