LDR  00948nam  2200241 a 45  
001      GLAD38447-B
005  19830314110726.0
008  830314s1982    enka     b    00110 eng  
039  0    $a 2 $b 3 $c 3 $d 3 $e 3
010       $a    81067904
020       $a 0126186200
050  0    $a QD96.N8 $b S26 1982
082  0    $a 543/.0877 $2 19
100  10   $a Sandstrèom, J.
245  10   $a Dynamic NMR spectroscopy / $c J. Sandstrèom.
260  0    $a London ; $a New York : $b Academic Press, $c 1982.
300       $a x, 226 p. : $b ill. ; $c 24 cm.
500       $a GLAD: 950 HAS $d, $e, $f - REMOVE BACKSLASHES, OUTPUT $d TO 852 $k, $e TO 852 $m, $f TO 852 $x (03/02).
650   0   $a Nuclear magnetic resonance spectroscopy.
740  01   $a Dynamic N.M.R. spectroscopy.
950       $l BIOC $a QD96.N8 $b S26 1982 $f From subfld f $d \From subfld d\ $e \From subfld e\ $i 03/14/83 C
955       $l BIOC $c 1 $q dc5 $r 8010269 $u 40.00 $i 03/14/83 C
998       $a 03/14/83 $t c $s 9110 $n CU-A $w DCLC8167904B $d 03/14/83 $c GG  $b ACQ $i 830314 $l CUDG

Record 14
