LDR  01265nam  2200313   45  
001      GLAD38448-B
005  19830314110734.0
008  830314m19399999ii bcf       f00000 eng  
010       $a    42030937
040       $c CU-A $d CU-A
043       $a a-ii---
050  0    $a DS485.S65 $b A5
110  10   $a Sirmur, India.
245  10   $a Sirmur state gazetteer 1934.
260  0    $a Lahore, $b Printed by the Superintendent, Government Printing, Punjab, $c 1939-
300       $a v. $b geneal. tables, ford. maps, plates, ports. $c 26 cm.
500       $a GLAD: VERIFY CALL NUMBER PROCESSING.
500       $a GLAD: FOR LOC OPTO, CREATE 852 WITH $h AND $i FROM 950 $a AND $b; OUTPUT $d AS 852 $k AFTER REMOVING 3 BACKSLASHES AND ADDING A SPACE BETWEEN THEM
500       $a GLAD: FOR LOC MAPS2, REMOVE BACKSLASHES FROM 950 $a & CREATE 852$j
500       $a GLAD: FOR LOC ED-P, CREATE 852 WITH $j FROM 950 $b.
651   0   $a Sirmur, India.
700  10   $a Kapur, Kahn Chand.
950       $l OPTO $a DS485.S65 $b A5 $i 03/14/83 C $d \Bennett\Coll\
955       $l OPTO $c 1:v.1 $i 03/14/83 C
950       $l MAPS2 $a \Atlas\Case\ $i 03/14/83 C
955       $l MAPS2 $c 1:v.1 $i 03/14/83 C
950       $l ED-P $b PA4414 $i 03/14/83 C
955       $l ED-P $c 1:v.1 $i 03/14/83 C
998       $a 03/14/83 $t c $s 9114 $n CU-A $d 03/14/83 $c AES $b SJK $i 830314 $l CUDG

Record 15
