LDR  01102cam  22002658i 45  
001      GLAD14056062-B
005  19830315095307.0
008  800212r19791894nyu           00010 eng  
010       $a    75023686
020       $a 0404132391
040       $d CU-A
043       $a e-uk-en
050  0    $a RC178.L66 $b B63 1979
082       $a 614.5/73/209421
100  10   $a Boghurst, William.
245  10   $a Loimographia : $b an account of the great plague of London in the year 1665 / $c by William Boghurst ; edited by Joseph Frank Payne.
260  0    $a New York : $b AMS Press, $c 1979.
300       $a xxi, 99 p. ; $c 23 cm.
500       $a GLAD: 950 HAS $n #506; REMOVE BACKSLASHES, OUTPUT TEXT TO 852 $m (03/02).
500       $a "Now first printed from the British Museum Sloane ms. 349, for the Epidemiological Society of London."
650   0   $a Plague $y England $y London, 1665.
700  10   $a Payne, Joseph Frank, $d 1840-1910.
950       $l MAIN $a RC178 $b B63 1979 $n #506\506 TEXT\ $f p/cip $i 03/15/83 N $h 02/12/80 C
955       $l MAIN $c 1 $r *5118354 $h 02/12/80 C
998       $a 03/15/83 $t c $s 9610 $n CU-A $w DCLC7523686B $d 05/16/81 $c PT  $b ASC $i 830315 $h 800212 $l GLAD

Record 17
