LDR  00908cam  2200229 i 45  
001      GLAD14154560-B
005  19830315093913.0
008  800219s1963    cl            00011 spa d
040       $a NN $c CU-A $d CU-A
100  10   $a Thomson, Augusto, $d 1880-1950.
245  00   $a Antologâia de Augusto d'Halmar : $b el hermano errante ; $c selecciâon y prâologo de Enrique Espinoza.
260  0    $a Santiago de Chile : $b Zig-Zag, $c 1963.
300       $a 294 p. ; $c 21 cm.
490  0    $a Colecciâon Antologâias
500  0    $a GLAD: 950 HAS $n #508; REMOVE BACKSLASHES, OUTPUT AS 852 $z (03/02).
700  11   $a Espinoza, Enrique, $d 1898-
740  31   $a El hermano errante.
906       $a NUC:6668622
950       $l MAIN $a PQ8097.T55 $b A6 1963 $i 03/15/83 C $n #508\508 text\ $h 02/19/80 C
955       $l MAIN $c 1 $r *5087294 $h 02/19/80 C
955       $l MAIN $c 2 $i 03/15/83 C
998       $a 03/15/83 $t c $s 9114 $n CU-A $w CUDG14154560B $d 05/07/81 $c SML $b ASC $i 830315 $h 800219 $l GLAD

Record 18
