LDR  00871nam  2200253 a 45  
001      GLAD28521-B
005  19830314141559.0
008  830314s1981    pau           00010 eng  
039  0    $a 2 $b 3 $c 3 $d 3 $e 3
010       $a    81009220
020       $a 0918366232 : $c $10.00
020       $a 0918366224 (pbk.) : $c $5.95
040       $a DGPO/DLC $d CStRLIN $d CU-A
050  0    $a PS3576.I47 $b A83
082  0    $a 811/.54 $2 19
100  10   $a Zimmer, Paul.
245  14   $a The ancient wars / $c Paul Zimmer.
260  0    $a Pittsburgh : $b Slow Loris Press, $c 1981.
300       $a 29 p. ; $c 23 cm.
490  0    $a Slow Loris poetry series
500       $a GLAD: 950 $n HAS SUM HOL NOTE #8, 950 HAS $v, $y; OUTPUT 950 $v,$y AS 852 $3 (03/02).
950       $l ANTH $a \Avant\Garde\ $i 03/14/83 C $n #8 $v v.1-80 $y v.66
955       $l ANTH $c 1 $i 03/14/83 C
998       $a 03/14/83 $t c $s 9110 $n CU-A $w CUBU83B139 $d 03/14/83 $c MBK $b LB  $i 830314 $l CUDG

Record 19
