LDR  00709nam  2200169 a 45  
001      GLAD48533-B
005  19830314144332.0
008  830314s1981    dcu      b   i00010 spa  
050  0    $a AC75 $b .V248 1981
100  10   $a Tobor, Johnny Bob
245  10   $a History of the felt tip pen.
260  0    $a Washington, D.C. : $b Daemon Pubs.
300       $a v.1-1000 ; $c 50 cm.
500       $a GLAD: 950 HAS $v $y $z: APPEND "Library Lacks: " IN FRONT OF $y; CONCATENATE $v, $y, $z (SEPARATING WITH "; ") AND OUTPUT TO 852 $3 (05/02).
950       $l MAIN $a AC75 $b .V248 $i 03/14/83 C $v v.1-1000 $y  v.49,67 $z Electronic Access.
955       $l MAIN $c 1 $r 7961066 $i 03/14/83 C
998       $a 03/14/83 $t c $s 9110 $n CU-A $w DCLC82125039B $d 03/14/83 $c SML $b LB  $i 830314 $l CUDG

Record 20
