LDR  01009nam  2200229 a 45  
001      GLAD48482-B
005  19830314120658.0
008  830314s1982    maua     b    00110 eng  
100  10   $a Porell, Frank W.
245  10   $a Models of intraurban residential relocation / $c Frank W. Porell.
260  0    $a Boston : $b Kluwer-Nijhoff, $c c1982.
300       $a xvi, 204 p. : $b ill. ; $c 24 cm.
440   0   $a Studies in applied regional science
500       $a GLAD: OUTPUT 950$n PROF. NOTES #43-51 AS 852$x; IGNORE NOTES #999, #777, #444 (05/02).
650   0   $a Residential mobility $z United States $x Mathematical models.
950       $l MAIN $a HD7288 $b P67 $i 03/14/83 C $n #43 $n #44 $n #45 $n #999 $n #46 $n #47
955       $l MAIN $c 1 $r 7958294 $i 03/14/83 C
950       $l BUSI $a RV6666 $b J44 $f Fnote $i 03/14/83 C $n #48 $n #777 $n #49 $n #50
955       $l BUSI $c 1 $r 7958294 $i 03/14/83 C
950       $l ED-P $a AC100 $b J22 $i 03/14/83 C $n #51 NOTE $n #444
955       $l ED-P $c 1 $r 7958294 $i 03/14/83 C
998       $a 03/14/83 $t c $s 9110 $n CU-A $w DCLC8120711B $d 03/14/83 $c EA  $b EA  $i 830314 $l CUDG

Record 21
