LDR  00779nam  2200241 a 45  
001      GLAD38483-B
005  19830314120705.0
008  830314m19829999flua     b    00100 eng  
039  0    $a 2 $b 3 $c 3 $d 3 $e 3
010       $a    81010018
020       $a 0849360412 (v. 1)
040       $d CU-A
050  0    $a TP453.C65 $b F67 1982
082  0    $a 664/.01 $2 19
245  00   $a Food hydrocolloids / $c editor, Martin Glicksman.
260  0    $a Boca Raton, FL : $b CRC Press, $c c1982-
300       $a v. : $b ill. ; $c 26 cm.
500       $a GLAD: CONTAINS 950 $n #28 NOTE; IGNORE (03/02).
650   0   $a Colloids.
700  10   $a Glicksman, Martin.
950       $l MAIN $a TP453.C65 $b F67 1982 $i 03/14/83 C $n #28
955       $l MAIN $c 1:v.1 $i 03/14/83 C
998       $a 03/14/83 $t c $s 9110 $n CU-A $w DCLC8110018B $d 03/14/83 $c PG  $b PG  $i 830314 $l CUDG

Record 22
