LDR  00996nam  2200265 i 45  
001      GLAD48484-B
005  19830314120832.0
008  830314s1981    cau      b    00010 eng  
010       $a    79027097
020       $a 0891303758
020       $a 0891303766 (pbk.)
040       $d IaU
050  0    $a BX4705.T9 $b W44
082       $a 230/.2/0924
100  10   $a Wells, David F.
245  14   $a The prophetic theology of George Tyrrell / $c by David F. Wells.
260  0    $a Chico, CA : $b Scholars Press, $c c1981.
300       $a xii, 107 p. ; $c 23 cm.
490  1    $a American Academy of Religion studies in religion ; no. 22 $x 0084-6287
500       $a GLAD: CONTAINS 950 $n #513 NOTE; OUTPUT AS 852 $Z (03/02).
600  10   $a Tyrrell, George, $d 1861-1909.
810  2    $a American Academy of Religion. $t AAR studies in religion ; $v no. 22.
950       $l MAIN $a BX4705.T9 $b W44 $f cip $i 03/14/83 C $n #513\NOTE 513\
955       $l MAIN $c 1 $r 7958302 $i 03/14/83 C
998       $a 03/14/83 $t c $s 9110 $n CU-A $w CUBG82B12148 $d 03/14/83 $c EA  $b EA  $i 830314 $l CUDG

Record 23
