LDR  00665nam  2200193b  45  
001      GLAD31658-B
005  19890307060103.0
008  831129 1983    cau               1 eng u
010       $a    82005508 
035       $a CUBU83-B687
100  10   $a Duncan, David James
245  14   $a The river why / $c David James Duncan
260  0    $a San Francisco : $b Sierra Club Books, $c c1983
300       $a 294 p. ; $c 22 cm
500       $a GLAD: 950 $n #513 AND #541 - OUTPUT AS SEPARATE 852 $Z's (03/02).
650   0   $a Fishing $x Fiction
710  20   $a Sierra Club
950       $l CEDA $a PS3554.U4634 $b .R5 $n #513\Tan paper boards with blue cloth spine; dust jacket\ $n #541\Sierra Club.\
955       $l CEDA $q 62574942

Record 24
