LDR  00957nas  2200241b  45  
001      GLAD90602-S
003  003 FLD TO BE DROPPED
005  19900728040512.0
008  840120         sw m                swe d
022       $a 0567-8064
245       $a Acta Radiologica. Therapy, Physics, Biology
260       $a Stockholm
362       $a v.1-16; Feb.1963-1977
500       $a GLAD: DROP SUBFLD $n FRM 780; DROP SUBFLDS $e, $h, $n FRM 785.
500       $a GLAD: DROP 003 FIELD FROM OUTPUT.
500       $a GLAD: OUTPUT 590 IN $z OF EACH 852; DROP 590 FROM OUTPUT RECORD.
590       $a Some copies stored in librarian's car.
780   3   $t Acta Radiologica $n Subfield n
785   0   $t Acta Radiologica. Oncology, Radiation, Physics, Biology $e Subfield e $h Subfield h $n Subfield n
950       $l BIOS $a RM845 $b .A2 $n #817\Shelved at BIOSCIENCES OFF CAMPUS COLLECTION\ $v     Bound 4(1966)-16(1977)//
955       $l BIOS $q 10013131
950       $l FORE $a GX33376 $v  v. 1-16//
955       $l FORE $q 10013131

Record 25
