LDR  01399nbc  2200289K  45  
001      GLAD167994759-W
005  20010811194355.0
008  920817i18641918cau                 eng d
035       $a ocm26337088 
040       $a CUY $c CUY
100  1    $a Hearst, Phoebe Apperson, $d 1842-1919.
245  10   $a Phoebe Apperson Hearst papers, $f [ca. 1864-1918]
300       $3 Originals : $a 64 boxes, 24 cartons, 1 oversize folder.
500       $a GLAD: TYPE = b; TYPE NOT VALID; CREATE 998 WITH ERROR MESSAGE
500       $a GLAD: INPUT RECORD CONTAINS 852; DO NOT OUTPUT THE FIELD.
500       $a GLAD SVM BANCROFT
555       $a Finding aid available in Library. Electronic version available on the Internet.
610  20   $a University of California (1868-1952)
650   0   $a Women $z California.
700  30   $a Hearst family.
710  2    $a Online Archive of California Project.
852       $a The Bancroft Library, $e University of California, Berkeley, CA 94720-6000.
856  42   $3 Finding aid: $u http://www.oac.cdlib.org/cgi-bin/oac/berkeley/bancroft/hearstpa
950       $l BNEG $b BNEG MSS 72/204 c $n #506\1 oversize folder in oversize drawers, unit A.\ $n #096\CARTON 2-CARTON 14.\
955       $l BNEG $q *vHearst, William Randolph, Jr. *yg *r19720500
955       $l BNEG $q *iLetters from Leopoldo Ansiglioni (translations) *vCalif. State Dept. of Parks and Recreation/San Simeon Region *yg *r19870908
955       $l BNEG $s NRLF: W 106 801 

Record 29
