LDR  00509nam  2200145 a 45  
005  19830314110726.0
008  830314s1982    enka     b    00110 eng  
100  10   $a Sandstrèom, J.
245  10   $a Alien impeachment.
260  0    $a New York : $b Alien Press, $c 2002.
300       $a 000 p. : $b ill. ; $c 204 cm.
500       $a GLAD: RECORD LACKS 001; REJECT.
950       $l BIOC $a QD96.N8 $b S26 1982 $i 05/05/02 C
955       $l BIOC $c 1 $q dc5 $r 8010269 $u 40.00 $i 05/05/02 C
998       $a 03/14/83 $t c $s 9110 $n CU-A $w DCLC8167904B $d 03/14/83 $c GG  $b ACQ $i 830314 $l CUDG

Record 31
