LDR  00483nam  2200145 a 45  
001  GLAD1492-B
005  19830314110726.0
100  10   $a Nonimus, A.
245  10   $a Moldy realms.
260  0    $a Amenia : $b Wassaic Press, $c 2003.
300       $a 500 p. : $b ill. ; $c 20 cm.
500       $a GLAD: 001 DOES NOT BEGIN WITH 4 SPACES; LI WON'T BE RECOGNIZED; REJECT
950       $l CEDA $a NT001 $i 05/05/03 C
955       $l CEDA $c 1 $u 90.00 $i 05/05/03 C
998       $a 03/14/83 $t c $s 9110 $n CU-A $w DCLC8167904B $d 03/14/83 $c GG  $b ACQ $i 830314 $l CUDG

Record 32
