LDR  00577nam  2200181 a 45  
001      OOPS666-B
005  19830314110726.0
008  830314s1982    enka     b    00110 eng  
010       $a    81067904
020       $a 0126186200
100  10   $a Nonimus, A.
245  10   $a Underwater terror.
260  0    $a Cincinnati : $b Ablution Press, $c 2001.
300       $a 12 p. : $b ill. ; $c 1 cm.
500       $a GLAD: 001 DOES NOT CONTAIN KNOWN LI; REJECT.
950       $l AASL $a A10013 $i 05/05/02 C
955       $l AASL $c 1 $u 90.00 $i 05/05/02 C
998       $a 03/14/83 $t c $s 9110 $n CU-A $w DCLC8167904B $d 03/14/83 $c GG  $b ACQ $i 830314 $l CUDG

Record 33
