LDR  00737nam  2200229K  45  
001      GLAD999-B
005  19901218004537.0
008  850309s1943    xx af    b    00000 eng d
035       $a ocm22781309 
040       $c CUY
100  10   $a Jarratt, Kent, $d 1950-
245  03   $a The giant squid.
260  1    $c [1943]
300       $a 1 p. l., 60 numb. l. incl. tables, diagrs., pl.
500       $a GLAD: 3 LOCS; 1st AND 3rd HAVE 'D' IN 10TH POSITION OF 950 $i; DO NOT CREATE 852s FOR THEM - THEY ARE DELETE LOCATIONS.
651   0   $a Ink Bottles.
950       $l ASTR $a QB5.5 $b .J9942 $i 12/29/01 D
955       $l ASTR $q 6255895X
950       $l CEDA $a QF222 $b .P99 $i 12/28/01 C
955       $l CEDA $q 62595982
950       $l RARE $a QB81 $b .R8 $i 12/30/01 D
955       $l RARE $q 62595982

Record 34
