LDR  00526nam  2200181pa 45  
001      GLAD2064-B
005  19860618100450.0
008  860618 1986    cau                 eng  
010       $a micA24-123456
245  00   $a Claw of the ten foot tabby.
260  0    $a Berkeley, Ca.: $b JRAT, $c 2001.
300       $c 99 cm.
u70    aNon numeric tag 1
u6b    aNon numeric tag 2
ufo    aNon numeric tag 3
500       $a GLAD: RECORD CONTAINS NON-NUMERIC TAGS; DO NOT MOVE TO OUTPUT RECORD.
950       $l MAIN $b P19.B51
955       $l MAIN $q 15161718

Record 35
