LDR  01016nam  2200265   45  
001      GLAD163-B
005  20020407000330.0
008  830810 1981    cau                 eng u
010       $a    82138075
035       $a ocm08475771
245  00   $a Charles Hopper and the pilgrims of the Pacific : $b a 1841 California pioneer, his narrative and other documents / $c edited by Franklin Beard
260  0    $a La Grange, Calif. : $b Southern Mines Press, $c 1981
300       $a xiv, 160, [2]  p. : $b ill. ; $c 29 cm
500       $a GLAD: UNKNOWN LOC CODE, CREATE 998 FIELD WITH ERROR MSG (05/02).
500       $a Includes index
504       $a Bibliography: p. 159-[161]
600  10   $a Hopper, Charles, $d 1800-1880.
650   0   $a Pioneers $z California $x Biography.
650   0   $a Overland journeys to the Pacific.
650   0   $a Frontier and pioneer life $z California.
651   0   $a California $v Biography.
700  10   $a Beard, Franklin.
752       $a United States $b California $d La Grange $9 (1981)
950       $l XXXX $a F864.H83 $b .C45
955       $l XXXX $q 65451715

Record 36
