LDR  01160nam  2200241   45  
001      GLAD2319-B
005  20020407000330.0
008  830810s1981    dcu          f      eng u
010       $a    81602570//r83
035       $a ocm07767682
086       $a Y 4.F 76/1:F 76/57/982/pt. 1-
110  10   $a United States. $b Congress. $b House. $b Committee on Foreign Affairs.
245  10   $a Foreign assistance legislation for fiscal year 1982 : $b hearing and Markup before the Subcommittee on Inter-American Affairs of the Committee on Foreign Affairs, Ninety-seventh Congress, first session.
260  0    $a Washington: $b U.S. G.P.O., $c 1981
300       $a 9 v. : $b ill. ; $c 24 cm
500       $a GLAD: NO LOC CODE, CREATE 998 FIELD WITH "NO LOCATION IN EXPECTED PLACE" ERROR MSG (05/02).
504       $a Includes bibliographical references
650   0   $a Military assistance, American.
650   0   $a Economic assistance, American.
651   0   $a United States $x Appropriations and expenditures, 1982.
710  10   $a United States. $b Congress. $b House. $b Committee on Foreign Affairs. $b Subcommittee on Asian and Pacific Affairs.
950       $a J61 $b .F7.97th.no.4 $v     Pt.1-9 (1981)
955       $l MAIN $q 63687999

Record 40
