LDR  01187nam  2200205   45  
001      GLAD2327-B
005  20020407000330.0
008  830810 1981    dcu          f      eng u
010       $a    81602600
035       $a ocm07565150
086       $a Y 4.Ap 6/1:L 11/982/pt.1-10
110  10   $a United States. $b Congress. $b House. $b Committee on Appropriations. $b Subcommittee on the Departments of Labor, Health and Human Services, Education, and Related Agencies.
245  10   $a Departments of Labor, Health and Human Services, Education, and related agencies appropriations for 1982 : $b hearings before a subcommittee of the Committee on Appropriations, House of Representatives, Ninety-seventh Congress, first session / $c Subcommittee on the Departments of Labor, Health and Human Services, Education, and Related Agencies
260  0    $a Washington : $b U.S. G.P.O., $c 1981
300       $a 10 v. : $b ill. ; $c 24 cm
500       $a GLAD: DROP ALL INPUT 9XX FIELDS, INC 901 (05/02).
651   0   $a United States $x Appropriations and expenditures, 1982.
901       $a 901 FLD.
950       $l MAIN $a J61 $b .A6 97th no.11 pt.1-10 $v     PART 1-10 (1981) $n #096\no.11 pt.1-3, no.11 pt.4-7, no.11 pt.8-11 pt.9-10\
955       $l MAIN $q 63693446

Record 41
LDR  00950nXX  2200241   45  
LDR  00881nas  2200265   4500
001      GLAD112932-S
008  840207c19439999fr ar p       0uuub1fre d
022  0    $a 0373-5729 $y 0766-5598
035       $a RLINCUBG15050300-S
043       $a mm-----
247  10   $a Etudes byzantines $f v. 1-3
260       $a Paris $b De Boccard.
300       $a v. $c 26 cm.
310       $a Annual
362  0    $a v. 1- 1943-
500       $a GLAD: NO 005, NO 245, NO 950 (LOC CODE), INVALID TYPE & BIBLVL, NOT A DELETE REC - OUTPUT 005 FROM FILEDATE, DO NOT CREATE 852, CREATE MULTIPLE 998 FLDS WITH ERR MSGS FOR NO 245, NO LOC IN EXPECTED PLACE, INVALID TYPE, INVALID BIBLVL (05/02).
550       $a Issued by Institut franâcais d'âetudes byzantines.
651   0   $a Byzantine Empire $x Study and teaching $x Periodicals.
710  2    $a Institut franðcais d'âetudes byzantines.
780  00   $t Echos d'Orient
955       $l MAIN $q o1174447 *bb1523752
955       $l MAIN $q 15050300

Record 42
