LDR  01512nas  2200349 a 4500
001      GLAD100663306-B
005  20020428192640.0
008  890728u19uu9999mx ar        f0uuub0spa  
010       $a    86656653
035       $a ocm14577304 
040       $a DLC $c DLC $d m/c $d DLC $d CUY
042       $a lc
043       $a n-mx---
050  00   $a J171 $b .N3a
082  00   $a 354.72/0005 $2 19
110  10   $a Mexico. $b President.
245  10   $a Informe de gobierno. $p Pesca y recursos del mar.
246  10   $a Pesca y recursos del mar
260  00   $a [Mâexico : $b Pesca, Direcciâon General de Comunicaciâon y Publicaciones,
300       $a v. : $b ill. ; $c 28 cm.
500       $a CHAR CO À; CHAR C1 Á; CHAR C2 Â;CHAR C3 Ã; CHAR C4 Ä; CHAR C5 Å; CHAR C6 Æ.
500       $a CHAR C7 Ç; CHAR C8 È; CHAR C9 É; CHAR CA Ê; CHAR CB Ë; CHAR CC Ì CHAR CD Í.
500       $a CHAR D0 Ð; CHAR D1 Ñ; CHAR D2 Ò; CHAR D3 Ó; CHAR D4 Ô; CHAR D5 Õ; CHAR D6 Ö.
500       $a CHAR D7 ×; CHAR D8 Ø; CHAR D9 Ù; CHAR DA Ú; CHAR DB Û; CHAR DC Ü; CHAR DD Ý.
500       $a CHAR AF ¯; CHAR BE ¾; CHAR BF ¿; 
500       $a CHAR A0  ; CHAR CE Î; CHAR CF Ï; CHAR DE Þ; CHAR DF ß; CHAR FC ü; CHAR FD ý.
515       $a Also has numbering that begins again with each president's term.
651   0   $a Mexico $x Politics and government $y 1970-1988 $x Periodicals.
651   0   $a Mexico $x Economic policy $y 1970-1994 $x Periodicals.
710  10   $a Mexico. $b Secretarâia de Pesca. $b Direcciâon General de Comunicaciâon y Publicaciones.
950       $l MAIN $a J171 $b .N344 $v     BOUND 1986(4)
955       $l MAIN

